@Book{ Prawdopodobienstwo:2010, 
    author = "Bieńkowska-Lipińska, Krystyna and Jagiełło, Dominik and Maj, Rafał", 
    editor = "", 
    title = "Rachunek prawdopodobieństwa i statystyka", 
    publisher = "Ośrodek Kształcenia na Odległość Politechniki Warszawskiej OKNO", 
    year = "2010", 
    address = "", 
    isbn = "978-83-62287-07-9" 
}